@book {MR0209411,
    AUTHOR = {Spivak, Michael},
     TITLE = {Calculus on manifolds. {A} modern approach to classical
              theorems of advanced calculus},
 PUBLISHER = {W. A. Benjamin, Inc., New York-Amsterdam},
      YEAR = {1965},
     PAGES = {xii+144},
   MRCLASS = {26.20 (57.00)},
  MRNUMBER = {0209411},
MRREVIEWER = {C. B. Allendoerfer},
}

@book {MR2522595,
    AUTHOR = {Montiel, Sebasti\'{a}n and Ros, Antonio},
     TITLE = {Curves and surfaces},
    SERIES = {Graduate Studies in Mathematics},
    VOLUME = {69},
   EDITION = {Second},
      NOTE = {Translated from the 1998 Spanish original by Montiel and
              edited by Donald Babbitt},
 PUBLISHER = {American Mathematical Society, Providence, RI; Real Sociedad
              Matem\'{a}tica Espa\~{n}ola, Madrid},
      YEAR = {2009},
     PAGES = {xvi+376},
      ISBN = {978-0-8218-4763-3},
   MRCLASS = {53A05 (53A04)},
  MRNUMBER = {2522595},
       DOI = {10.1090/gsm/069},
       URL = {https://doi.org/10.1090/gsm/069},
}

@book {MR2964051,
    AUTHOR = {Abate, Marco and Tovena, Francesca},
     TITLE = {Curves and surfaces},
    SERIES = {Unitext},
    VOLUME = {55},
      NOTE = {Translated from the 2006 Italian original by Daniele A.
              Gewurz},
 PUBLISHER = {Springer, Milan},
      YEAR = {2012},
     PAGES = {xiv+390},
      ISBN = {978-88-470-1940-9; 978-88-470-1941-6},
   MRCLASS = {53-01 (53A04 53A05)},
  MRNUMBER = {2964051},
MRREVIEWER = {Andrew Bucki},
       DOI = {10.1007/978-88-470-1941-6},
       URL = {https://doi.org/10.1007/978-88-470-1941-6},
}
